<?xml version="1.0" encoding="UTF-8"?><collection xmlns="http://www.loc.gov/MARC21/slim"><record><leader>00584nam--2200181-i-4500</leader><controlfield tag="001">000048790</controlfield><controlfield tag="002">20161230</controlfield><controlfield tag="005">20170115232954</controlfield><controlfield tag="008">060222s1000------------r-----000-0-eng-d</controlfield><datafield ind1=" " ind2=" " tag="040"><subfield code="a">IFIN-HH</subfield></datafield><datafield ind1=" " ind2=" " tag="080"><subfield code="a">533.9(061.3)</subfield></datafield><datafield ind1="1" ind2=" " tag="100"><subfield code="a">McNamara, B</subfield></datafield><datafield ind1="1" ind2="0" tag="245"><subfield code="a">Radiation in plasmas</subfield><subfield code="b">1983 college on plasma physics international centre from theoretical physics, Trieste, Italy</subfield><subfield code="c">B. McNamara (Ed.)</subfield></datafield><datafield ind1=" " ind2=" " tag="260"><subfield code="a">Singapore</subfield><subfield code="b">World Scientific</subfield><subfield code="c">1983</subfield></datafield><datafield ind1=" " ind2=" " tag="300"><subfield code="a">2 volume</subfield></datafield><datafield ind1="1" ind2=" " tag="787"><subfield code="a">Vol. II</subfield><subfield code="h">Xi+/637/-1206 p</subfield><subfield code="t">Proceedings Of 1983</subfield></datafield><datafield ind1=" " ind2=" " tag="852"><subfield code="a">73886</subfield><subfield code="c">533.9</subfield></datafield><datafield ind1=" " ind2=" " tag="CAT"><subfield code="a">SYS</subfield><subfield code="c">20170115</subfield><subfield code="h">232954</subfield></datafield></record></collection>